<?xml version="1.0" encoding="UTF-8"?><collection xmlns="http://www.loc.gov/MARC21/slim"><record><leader>00531nam--2200181-u-4500</leader><controlfield tag="001">000055566</controlfield><controlfield tag="002">20161230</controlfield><controlfield tag="005">20161230201052</controlfield><controlfield tag="008">130226s1000------------r-----000-0-eng-d</controlfield><datafield ind1=" " ind2=" " tag="040"><subfield code="a">IFIN-HH</subfield></datafield><datafield ind1=" " ind2=" " tag="080"><subfield code="a">621.36(03):801.3=20=590</subfield></datafield><datafield ind1="1" ind2=" " tag="100"><subfield code="a">Popa, Marcel</subfield></datafield><datafield ind1="1" ind2="0" tag="245"><subfield code="a">Dictionar de termotehnica, masini termice si agregate frigorifice englez-roman</subfield><subfield code="c">Marcel popa, liviu pandrea</subfield></datafield><datafield ind1=" " ind2=" " tag="260"><subfield code="a">Bucuresti</subfield><subfield code="b">Editura Tehnica</subfield><subfield code="c">1979</subfield></datafield><datafield ind1=" " ind2=" " tag="300"><subfield code="a">546P</subfield></datafield><datafield ind1="1" ind2=" " tag="700"><subfield code="a">Pandrea, Liviu</subfield></datafield><datafield ind1=" " ind2=" " tag="852"><subfield code="a">D.451</subfield><subfield code="c">SLT</subfield></datafield><datafield ind1=" " ind2=" " tag="CAT"><subfield code="a">Sys</subfield><subfield code="c">20130226</subfield><subfield code="h">135654</subfield></datafield></record></collection>